@article{li2011inference,
  title={Inference of human population history from individual whole-genome sequences},
  author={Li, Heng and Durbin, Richard},
  journal={Nature},
  volume={475},
  number={7357},
  pages={493--496},
  year={2011},
  publisher={Nature Publishing Group}
}

@article{hellenthal2007mshot,
  title={msHOT: modifying Hudson's ms simulator to incorporate crossover and gene conversion hotspots},
  author={Hellenthal, Garrett and Stephens, Matthew},
  journal={Bioinformatics},
  volume={23},
  number={4},
  pages={520--521},
  year={2007},
  publisher={Oxford Univ Press}
}

@article{hudson2002generating,
  title={Generating samples under a Wright--Fisher neutral model of genetic variation},
  author={Hudson, Richard R},
  journal={Bioinformatics},
  volume={18},
  number={2},
  pages={337--338},
  year={2002},
  publisher={Oxford Univ Press}
}

@article{li2009sequence,
  title={The sequence alignment/map format and SAMtools},
  author={Li, Heng and Handsaker, Bob and Wysoker, Alec and Fennell, Tim and Ruan, Jue and Homer, Nils and Marth, Gabor and Abecasis, Goncalo and Durbin, Richard and others},
  journal={Bioinformatics},
  volume={25},
  number={16},
  pages={2078--2079},
  year={2009},
  publisher={Oxford Univ Press}
}
